@FOOTNOTE{Note1,key="Note1",note="IDL is a registered trademark of Exelis Visual Information Solutions."}
@FOOTNOTE{Note2,key="Note2",note="The data are retrieved from MDSplus in single precision but must be cast to double precision for the Python spline routines to work properly. While IDL can work in double precision, it defaults to single precision when given single precision input data."}
